@article{phan2019composable,
  title={Composable effects for flexible and accelerated probabilistic programming in NumPyro},
  author={Phan, Du and Pradhan, Neeraj and Jankowiak, Martin},
  journal={arXiv preprint arXiv:1912.11554},
  year={2019},
  url={https://arxiv.org/abs/1912.11554}
}

@article{gelman1992inference,
  title={Inference from iterative simulation using multiple sequences},
  author={Gelman, Andrew and Rubin, Donald B},
  journal={Statistical Science},
  volume={7},
  number={4},
  pages={457--472},
  year={1992},
  publisher={Institute of Mathematical Statistics},
  doi={10.1214/ss/1177011136}
}

@article{vehtari2021rank,
  title={Rank-normalization, folding, and localization: An improved $\hat{R}$ for assessing convergence of MCMC},
  author={Vehtari, Aki and Gelman, Andrew and Simpson, Daniel and Carpenter, Bob and B{\"u}rkner, Paul-Christian},
  journal={Bayesian Analysis},
  volume={16},
  number={2},
  pages={667--718},
  year={2021},
  publisher={International Society for Bayesian Analysis},
  doi={10.1214/20-BA1221}
}

@article{hoffman2014nuts,
  title={The No-U-Turn sampler: adaptively setting path lengths in Hamiltonian Monte Carlo},
  author={Hoffman, Matthew D and Gelman, Andrew},
  journal={Journal of Machine Learning Research},
  volume={15},
  number={1},
  pages={1593--1623},
  year={2014},
  publisher={JMLR.org}
}

@article{lloyd1994temperature,
  title={On the temperature dependence of soil respiration},
  author={Lloyd, Jon and Taylor, JA},
  journal={Functional Ecology},
  volume={8},
  number={3},
  pages={315--323},
  year={1994},
  publisher={British Ecological Society},
  doi={10.2307/2389824}
}

@article{hoffman2014nuts,
  title={The No-U-Turn sampler: adaptively setting path lengths in Hamiltonian Monte Carlo},
  author={Hoffman, Matthew D and Gelman, Andrew},
  journal={Journal of Machine Learning Research},
  volume={15},
  number={1},
  pages={1593--1623},
  year={2014},
  publisher={JMLR.org},
  url={http://jmlr.org/papers/v15/hoffman14a.html}
}